/Users/albert/Library/CloudStorage/OneDrive-个人/Library/Library.bib